@comment{This file has been generated by Pybliographer}


@inproceedings{Nielsen:1990:HEU:97243.97281,
 author = {Nielsen, Jakob and Molich, Rolf},
 title = {Heuristic Evaluation of User Interfaces},
 booktitle = {Proceedings of the SIGCHI Conference on Human Factors in Computing Systems},
 series = {CHI '90},
 year = {1990},
 isbn = {0-201-50932-6},
 location = {Seattle, Washington, USA},
 pages = {249--256},
 numpages = {8},
 url = {http://doi.acm.org/10.1145/97243.97281},
 doi = {10.1145/97243.97281},
 acmid = {97281},
 publisher = {ACM},
 address = {New York, NY, USA},
} 


@book{norman1988design,
 author = {Norman, Donald A.},
 title = {The Design of Everyday Things},
 year = {2013},
 isbn = {9780465067107},
 publisher = {Basic Books, Inc.},
 address = {New York, NY, USA},
} 

@book{Norman:2002:DET:2187809,
 author = {Norman, Donald A.},
 title = {The Design of Everyday Things},
 year = {2013},
 isbn = {9780465067107},
 publisher = {Basic Books, Inc.},
 address = {New York, NY, USA},
} 

@article{iso9241,
  author = {ISO 9241–210},
  title = {Ergonomics of human-system interaction Part 210: Human-centred design for interactive systems},
  type = {ISO},
  year = {2010}
}




@Book{Franca2001,
  Author         = {Fran{\c c}a, J\'unia Lessa and de Vasconcellos, Ana
                   Cristina and de Andrade Magalh\~aes, Maria Helena and
                   Borges, Stella Maris},
  Title          = {Manual {P}ara {N}ormaliza\c{c}\~ao de
                   {P}ublica\c{c}\~oes {T}\'ecnico-cient\'{\i}ficas},
  Publisher      = {UFMG},
  Address        = {Belo Horizonte},
  Edition        = {5},
  year           = 2001
}

@Book{Postscript1999,
  Title          = {Postscript {L}anguage {R}eference},
  Publisher      = {Addison-Wesley},
  Address        = {Reading},
  Edition        = {3},
  URL            = {http://partners.adobe.com/public/developer/ps/index_specs.html},
  optannote      = {},
  optauthor      = {},
  optkey         = {},
  optmonth       = {},
  optnote        = {},
  organization   = {Adobe Systems Incorporated},
  year           = 1999
}

@Book{Moura1998,
  Author         = {de Moura, Maria Lucia Seidl and Ferreira, Maria
                   Cristina and Paine, Patricia Ann},
  Title          = {Manual de {E}labora\c{c}\~ao de {P}rojetos de
                   {P}esquisa},
  Publisher      = {EdUERJ},
  Address        = {Rio de Janeiro},
  year           = 1998
}

@MANUAL{BIBUFLA2001,
  title = {Manual de {O}rienta\c{c}\~ao em {R}eferencia\c{c}\~ao {B}ibliogr\'afica
	({NBR}6023-{ABNT})},
  organization = {Biblioteca Central / UFLA},
  address = {Lavras},
  year = {2001},
  file = {file:///dados/Academia/Metodologia/manual_orientacao_referencia_bibliografica.pdf},
  publisher = {UFLA/BC},
  url = {http://www.biblioteca.ufla.br/download/normas/manual_orientacao_referencia_bibliografica.pdf}
}

@Manual{Weber2003,
  Title          = {Estilo bibtex compat{\'\i}vel com a `norma' 6023/2000
                   da {ABNT}},
  Author         = {Gerald Weber},
  Organization   = {Grupo abnTeX},
  URL            = {http://abntex.codigolivre.org.br},
  year           = 2003
}


@Manual{NBR6023:2000,
  Title          = {{NBR} 6023},
  Organization   = {Associa{\c c}\~ao Brasileira de Normas T\'ecnicas},
  Address        = {Rio de Janeiro},
  month          = aug,
  org-short      = {ABNT},
  pages          = 22,
  subtitle       = {Informa{\c c}\~ao e documenta{\c c}\~ao ---
                   Refer\^encias --- Elabora{\c c}\~ao},
  year           = 2000
}

@Article{Porto2002,
  Author         = {Cristiane de Magalh\~aes Porto and Cristiano L\^obo da
                   Silva},
  Title          = {Artigo {C}ient\'{\i}fico: das {P}artes para o {T}odo},
  Journal        = {Di\'alogos \& Ci\^encia: Revista Eletr\^onica da
                   Faculdade de Tecnologia e Ci\^encias de Feira de
                   Santana},
  Volume         = {I},
  Number         = {1},
  Pages          = {1-8},
  URL            = {http://www.ftc.br/revistafsa/resumo.asp?art_cod=1},
  month          = dec,
  year           = 2002
}

@TechReport{Hexsel2004,
  Author         = {Hexsel, Roberto A.},
  Title          = {Pequeno {M}anual da {E}scrita {T}\'ecnica},
  Institution    = {Departamento de Inform\'atica / UFPR},
  Type           = {Relat\'orio T\'ecnico},
  Number         = {4/2004},
  Address        = {Curitiba},
  URL            = {http://www.inf.ufpr.br/info/techrep/RT_DINF004_2004.pdf},
  publisher      = {Departamento de Inform\'atica / UFPR},
  year           = 2004
}

@Book{PDF2004,
  Title          = {P{DF} {R}eference: {A}dobe {P}ortable {D}ocument
                   {F}ormat, {V}ersion 1.6},
  Publisher      = {Adobe Systems Incorporated},
  Address        = {San Jose},
  Edition        = {5},
  URL            = {http://partners.adobe.com/public/developer/pdf/index_reference.html},
  optannote      = {},
  optauthor      = {},
  optkey         = {},
  optmonth       = {},
  optnote        = {},
  organization   = {Adobe Systems Incorporated},
  year           = 2004
}

@Book{Lamport1994,
  Author         = {Leslie Lamport},
  Title          = {\LaTeX: A Document Preparation System, User's Guide
                   and Reference Manual},
  Publisher      = {Addison-Wesley},
  Address        = {Reading},
  alteditor      = {},
  optannote      = {},
  optedition     = {},
  optkey         = {},
  optmonth       = {},
  optnote        = {},
  optnumber      = {},
  optseries      = {},
  optvolume      = {},
  year           = 1994
}

@Article{Henz2003,
  Author         = {Henz, Gilmar Paulo},
  Title          = {Como {A}primorar o {F}ormato de um {A}rtigo
                   {C}ient\'{\i}fico},
  Journal        = {Horticultura Brasileira},
  Volume         = {21},
  Number         = {2},
  Pages          = {145-148},
  URL            = {http://www.scielo.br/scielo.php?pid=S0102-05362003000200004&script=sci_abstract&tlng=pt},
  month          = may,
  year           = 2003
}

@Manual{NBR6023:2002,
  Title          = {{NBR} 6023},
  Organization   = {Associa{\c c}\~ao Brasileira de Normas T\'ecnicas},
  Address        = {Rio de Janeiro},
  Note           = {Substitui a Ref.~\citeonline{NBR6023:2000}},
  month          = aug,
  org-short      = {ABNT},
  pages          = 24,
  subtitle       = {Informa{\c c}\~ao e documenta{\c c}\~ao ---
                   Refer\^encias --- Elabora{\c c}\~ao},
  year           = 2002
}

@Book{Gil2002,
  Author         = {Gil, Antonio Carlos},
  Title          = {Como {E}laborar {P}rojetos de {P}esquisa},
  Publisher      = {Atlas},
  Address        = {S\~ao Paulo},
  Edition        = {4},
  year           = 2002
}

@Book{Eco1996,
  Author         = {Eco, Umberto},
  Title          = {Como se {F}az uma {T}ese},
  Publisher      = {Perspectiva},
  Address        = {S\~ao Paulo},
  Edition        = {14},
  year           = 1996
}

@Book{Silva2005,
  Author         = {Edna L\'ucia da Silva and Estera Muszkat Menezes},
  Title          = {Metodologia da {P}esquisa e {E}labora\c{c}\~ao de
                   {D}isserta\c{c}\~ao},
  Publisher      = {UFSC},
  Address        = {Florian\'opolis},
  Edition        = {4},
  year           = 2005
}

@Book{Booth2000,
  Author         = {Booth, Wayne C. and Colomb, Gregory G. and Williams,
                   Joseph M.},
  Title          = {A {A}rte da {P}esquisa},
  Publisher      = {Martins Fontes},
  Address        = {S\~ao Paulo},
  year           = 2000
}

@Book{Martins2000,
  Author         = {Gilberto de Andrade Martins and Alexandre Lints},
  Title          = {Guia para {E}labora\c{c}\~ao de {M}onografias e
                   {T}rabalhos de {C}onclus\~ao de {C}urso},
  Publisher      = {Atlas},
  Address        = {S\~ao Paulo},
  year           = 2000
}

@MANUAL{PRPG2006,
  title = {Normas para {E}laboração de {T}rabalhos de {C}onclus\~ao de {C}ursos
	de {P}\'os-{G}radua\c{c}\~ao {L}ato {S}ensu},
  organization = {PRPG/UFLA},
  address = {Lavras},
  edition = {2},
  year = {2007},
  file = {file:///dados/Academia/Metodologia/normas_redacao_de_monografia_latosensu.pdf},
  pages = {29},
  publisher = {PRPG/UFLA},
  url = {http://www.prpg.ufla.br/Legis/legis1.htm}
}


@Manual{BIB2010,
  Title          = {Manual de {N}ormaliza\c{c}\~ao e {E}strutura de
                   {T}rabalhos {A}cad\^emicos da {UFLA}},
  Organization   = {Biblioteca da UFLA},
  Address        = {Lavras},
  URL            = {http://www.biblioteca.ufla.br/wordpress/wp-content/uploads/bdtd/manual_normalizacao_UFLA.pdf},
  pages          = {84},
  publisher      = {UFLA},
  year           = 2010
}

@Manual{UFLA:2015,
  Title          = {Manual de normaliza{\c c}\~ao e estrutura de trabalhos
                   acad\^emicos},
  Organization   = {Universidade Federal de Lavras. {Biblioteca
                   Universit\'aria}},
  Address        = {Lavras},
  Edition        = {2},
  month          = {},
  org-short      = {Universidade Federal de Lavras},
  pages          = {},
  subtitle       = {{TCC}s, monografias, disserta\c{c}\~oes e teses},
  url            = {http://repositorio.ufla.br/jspui/handle/1/11017},
  urlaccessdate  = {11 abr. 2016},
  year           = 2016
}

@inproceedings{Nielsen:1992:FUP:142750.142834,
 author = {Nielsen, Jakob},
 title = {Finding Usability Problems Through Heuristic Evaluation},
 booktitle = {Proceedings of the SIGCHI Conference on Human Factors in Computing Systems},
 series = {CHI '92},
 year = {1992},
 isbn = {0-89791-513-5},
 location = {Monterey, California, USA},
 pages = {373--380},
 numpages = {8},
 url = {http://doi.acm.org/10.1145/142750.142834},
 doi = {10.1145/142750.142834},
 acmid = {142834},
 publisher = {ACM},
 address = {New York, NY, USA},
 keywords = {discount usability engineering, heuristic evaluation, interface evaluation, telephone-operated interfaces, usability expertise, usability problems},
} 

@inproceedings{Nielsen:1990:HEU:97243.97281,
 author = {Nielsen, Jakob and Molich, Rolf},
 title = {Heuristic Evaluation of User Interfaces},
 booktitle = {Proceedings of the SIGCHI Conference on Human Factors in Computing Systems},
 series = {CHI '90},
 year = {1990},
 isbn = {0-201-50932-6},
 location = {Seattle, Washington, USA},
 pages = {249--256},
 numpages = {8},
 url = {http://doi.acm.org/10.1145/97243.97281},
 doi = {10.1145/97243.97281},
 acmid = {97281},
 publisher = {ACM},
 address = {New York, NY, USA},
} 



@book{Rowland:2015:DCP:2891121,
 author = {Rowland, Claire and Goodman, Elizabeth and Charlier, Martin and Light, Ann and Lui, Alfred},
 title = {Designing Connected Products: UX for the Consumer Internet of Things},
 year = {2015},
 isbn = {1449372562, 9781449372569},
 edition = {1st},
 publisher = {O'Reilly Media, Inc.},
} 



@book{Sommerville:2010:SE:1841764,
 author = {Sommerville, Ian},
 title = {Software Engineering},
 year = {2010},
 isbn = {0137035152, 9780137035151},
 edition = {9th},
 publisher = {Addison-Wesley Publishing Company},
 address = {USA},
} 

@ONLINE {ResponsiveWebDesignNNG,
    author = "AMY SCHADE",
    title  = "Responsive Web Design (RWD) and User Experience",
    month  = "may",
    year   = "2014",
    url    = "https://www.nngroup.com/articles/responsive-web-design-definition"
}



@misc{manifestoAgil,
  title = {Manifesto ágil, como tudo começou},
  howpublished = {\url{https://www.culturaagil.com.br/manifesto-agil-como-tudo-comecou/}},
  note = {Acessado em: 13/01/2017},
  year = {2015}
}

@misc{agile,
  title = {Manifesto},
  howpublished = {\url{http://agilemanifesto.org/}},
  note = {Acessado em: 13/01/2017},
  year = {2001}
}

@misc{planejamentoEstrategico,
  title = {TRT},
  howpublished = {\url{http://gestaoestrategica.trt10.jus.br/portal/index.php?option=com_content&id=62&Itemid=76}},
  note = {Acessado em: 02/02/2017},
  year = {2016}
}


@misc{scrum,
  title = {SCRUM},
  howpublished = {\url{http://www.desenvolvimentoagil.com.br/scrum/}},
  note = {Acessado em: 11/01/2017},
  year = {2001}
}




@Manual{agile,
  Title          = {{Manifesto},
  pages          = {},
  url            = {http://agilemanifesto.org/},
  urlaccessdate  = {11 jan. 2017},
  year           = 2001
}




@ONLINE {severidades,
    author = "Nielsen, Jakob",
    title  = "Severity Ratings for Usability Problems",
    year   = "1995",
    url    = "https://www.nngroup.com/articles/how-to-rate-the-severity-of-usability-problems"
}


@misc{progolden,
  title = {Progolden},
  howpublished = {\url{http://www.progolden.com.br/}},
  note = {Acessado em: 19/12/2016}
  year = {2016}
}



@book{garrett2010elements,
  title={Elements of User Experience,The: User-Centered Design for the Web and Beyond},
  author={Garrett, J.J.},
  isbn={9780321624642},
  series={Voices That Matter},
  url={https://books.google.com.br/books?id=9QC6r5OzCpUC},
  year={2010},
  publisher={Pearson Education}
}


@ONLINE{usabilityintroduction,
  author = "Jakob Nielsen",
  title = "HTML5 - A vocabulary and associated APIs for HTML and XHTML",
  year = "2012",
  url = "https://www.nngroup.com/articles/usability-101-introduction-to-usability"
}

@ONLINE{css3,
  author = "Meye,Eric A. and Bos,Bert",
  title = "Introduction to CSS3",
  year = "2001",
  url ="https://www.w3.org/TR/2001/WD-css3-roadmap-20010523"
}

@ONLINE{html5,
  author = "Hickson,Ian  and  Berjon,Robin and  Faulkner,Steve and Leithead,Travis and Navara, Erika Doyle and O'Connor,Edward and Pfeiffer,Silvia",
  title = "Usability 101: Introduction to Usability",
  year = "2012",
  url ="https://www.w3.org/TR/html5"
}



@ONLINE{javascript,
  author = "Mozilla",
  title = "Web technology for developers: JavaScript",
  year = "2017",
  url = "https://developer.mozilla.org/en-US/docs/Web/JavaScript"
}

@ONLINE{bootstrap,
  author = "Jakob Nielsen",
  title = "Usability 101: Introduction to Usability",
  year = "2012",
  url = "https://www.nngroup.com/articles/usability-101-introduction-to-usability"
}







@ONLINE {NormamVideo,
    author      = "Don Norman",
    title       = "The Definition of User Experience",
    year        = "2011",
    url        = "https://www.nngroup.com/articles/definition-user-experience",

}


@TECHREPORT {Responsive,
    author      = "Brett S. Gardner",
    title       = "Responsive Web Design: Enriching the User Experience",
    institution = "Sigma",
    year        = "2011",
    number      = "1",
    month       = "oct"
}



@book{Pressman:2001:SEP:572512,
 author = {Pressman, Roger S.},
 title = {Software Engineering: A Practitioner's Approach},
 year = {2014},
 isbn = {0072496681},
 edition = {7th},
 publisher = {McGraw-Hill Higher Education},
} 


Lean UX: the next generation of user-centered agile development?
Full Text:	PDFPDF  Get this ArticleGet this Article
Authors:	Lassi A. Liikkanen	SC5 Online Ltd., Helsinki, Finland
Harri Kilpiö	SC5 Online Ltd., Helsinki, Finland
Lauri Svan	SC5 Online Ltd., Helsinki, Finland
Miko Hiltunen	SC5 Online Ltd., Helsinki, Finland
Lean UX: the next generation of user-centered agile development?	Published by ACM 2014 Article
Bibliometrics Data  Bibliometrics
· Citation Count: 1
· Downloads (cumulative): 447
· Downloads (12 Months): 259
· Downloads (6 Weeks): 29

Published in:
· Proceeding
NordiCHI '14 Proceedings of the 8th Nordic Conference on Human-Computer Interaction: Fun, Fast, Foundational
Pages 1095-1100 

Helsinki, Finland — October 26 - 30, 2014 
ACM New York, NY, USA ©2014 
table of contents ISBN: 978-1-4503-2542-4 doi>10.1145/2639189.2670285

Author Silhouette    Recent authors with related interests  Expand Related Authors    Concepts in this article  Expand Paper Concepts
About ACM and IBM Watsonpowered by
Tools and Resources
Buy this Article
Recommend the ACM DL
to your organization
TOC Service:  Spacer Image reserves space for checkmark when TOC Service is updated 
Toc Alert via EmailEmail  Toc Alert via EmailRSS
Save to Binder
Export Formats:
BibTeX EndNote ACM Ref
Share:
|
Author Tags  Expand Author Tags
 Contact The DL Team Contact Us | Switch to single page view (no tabs)
Abstract
Authors
References
Cited By
Index Terms
Publication
Reviews
Comments
Table of Contents
Note: OCR errors may be found in this Reference List extracted from the full text article. ACM has opted to expose the complete List rather than only correct and linked references.

 	
1
Anderson, D. J. Kanban. Successful Evolutionary Change for your Technology Business. Blue Hole Press, Sequim, WA, 2010.
 	
2
Beck, K., Beedle, M., Van Bennekum, A., Cockburn, A., Cunningham, W., Fowler, M., Grenning, J., Highsmith, J., Hunt, A. and Jeffries, R. Manifesto for agile software development(2001), (accessed,
 	
3
Brown, T. Change by Design: How Design Thinking Transforms Organizations and Inspires Innovation. HarperBusiness, New York, 2009.
 	
4
Brown, T. Design Thinking. Harvard Business Review, 86, 6 (2008), 84--92.
 	
5
Gothelf, J. and Seiden, J. Lean UX: Applying lean principles to improve user experience. O'Reilly Media, Inc., Sebastopol, CA, 2013.
 	
6
Grudin, J. and Pruitt, J. Personas, Participatory Design and Product Development: An Infrastructure for Engagement. In Proc. PDC 2002 (2002), 144--161.
 	
7
Robert Cecil Martin, Agile Software Development: Principles, Patterns, and Practices, Prentice Hall PTR, Upper Saddle River, NJ, 2003
 	
8
Thomas Memmel , Fredrik Gundelsweiler , Harald Reiterer, Agile human-centered software engineering, Proceedings of the 21st British HCI Group Annual Conference on People and Computers: HCI...but not as we know it, September 03-07, 2007, University of Lancaster, United Kingdom
 	
9
Shari Lawrence Pfleeger, Software Engineering: Theory and Practice, Prentice Hall PTR, Upper Saddle River, NJ, 2001
	
10
John Pruitt , Jonathan Grudin, Personas: practice and theory, Proceedings of the 2003 conference on Designing for user experiences, June 06-07, 2003, San Francisco, California  [doi>10.1145/997078.997089]
 	
11
Ries, E. The Lean Startup. Crown Business, New York, 2011.
 	
12
Royce, W. W. Managing the development of large software systems. In Proc. IEEE WESCON, IEEE (1970).
 	
13
Ken Schwaber , Mike Beedle, Agile Software Development with Scrum, Prentice Hall PTR, Upper Saddle River, NJ, 2001
 	
14
Ian Sommerville, Software engineering (6th ed.), Addison-Wesley Longman Publishing Co., Inc., Boston, MA, 2001
 	
15
Viviano, A. The Lean UX Manifesto: Principle-Driven Design(2014), (accessed 15<sup>th</sup> Aug 2014), http://www.smashingmagazine.com/2014/01/08/lean-ux-manifesto-principle-driven-design/.

@inproceedings{Liikkanen:2014:LUN:2639189.2670285,
 author = {Liikkanen, Lassi A. and Kilpi\"{o}, Harri and Svan, Lauri and Hiltunen, Miko},
 title = {Lean UX: The Next Generation of User-centered Agile Development?},
 booktitle = {Proceedings of the 8th Nordic Conference on Human-Computer Interaction: Fun, Fast, Foundational},
 series = {NordiCHI '14},
 year = {2014},
 isbn = {978-1-4503-2542-4},
 location = {Helsinki, Finland},
 pages = {1095--1100},
 numpages = {6},
 url = {http://doi.acm.org/10.1145/2639189.2670285},
 doi = {10.1145/2639189.2670285},
 acmid = {2670285},
 publisher = {ACM},
 address = {New York, NY, USA},
 keywords = {human-centered design, lean UX, user experience},
} 

@book{gothelf2013lean,
  title={Lean UX: Applying Lean Principles to Improve User Experience},
  author={Gothelf, J. and Seiden, J.},
  isbn={9781449311650},
  lccn={2013427169},
  series={Lean series},
  url={https://books.google.com.br/books?id=7TDQ4WZ1BHoC},
  year={2013},
  publisher={O'Reilly Media, Incorporated}
}

@techreport{robbinsd:beck2001agile,
    author = {Beck, K. and Beedle, M. and van Bennekum, A. and Cockburn, A. and Cunningham, W. and Fowler, M. and Grenning, J. and Highsmith, J. and Hunt, A. and Jeffries, R. and Kern, Jon and Marick, Brian and Martin, Robert C. and Mallor, Steve and Shwaber, Ken and Sutherland, Jeff},
    citeulike-article-id = {7955278},
    institution = {The Agile Alliance},
    keywords = {657},
    posted-at = {2010-10-07 14:26:21},
    priority = {2},
    title = {{The Agile Manifesto}},
    year = {2001}
}





